@article{maghami2021automated,
  title={Automated vision-based inspection of drilled CFRP composites using multi-light imaging and deep learning},
  author={Maghami, Ali and Salehi, Meshkat and Khoshdarregi, Matt},
  journal={CIRP Journal of Manufacturing Science and Technology},
  volume={35},
  pages={441--453},
  year={2021},
  publisher={Elsevier}
}

@misc{Github,
  title = {Github-Authentic-Cloud-Ram},
  howpublished = {\url{https://github.com/authentic-cloud}},
}

@misc{Githublab,
  title = {Github-Labbot-PUT-Vision},
  howpublished = {\url{https://github.com/PUTvision/ROS-labbot}},
}

@inproceedings{swaminathan2007focus,
  title={Focus in catadioptric imaging systems},
  author={Swaminathan, Rahul},
  booktitle={2007 IEEE 11th International Conference on Computer Vision},
  pages={1--7},
  year={2007},
  organization={IEEE}
}

@article{bettonvil2005fisheye,
  title={Fisheye lenses},
  author={Bettonvil, Felix},
  journal={WGN, Journal of the International Meteor Organization, vol. 33, no. 1, p. 9-14},
  volume={33},
  pages={9--14},
  year={2005}
}
PUTvision. (n.d.). PUTvision/ROS-labbot: Repository with packages and other Ros Stuff for Labbot Robot. Retrieved November/December, 2022, from https://github.com/PUTvision/ROS-labbot

@book{zhang2012automatic,
  title={Automatic calibration and reconstruction for active vision systems},
  author={Zhang, Beiwei and Li, You Fu},
  year={2012},
  publisher={Springer Science \& Business Media}
}

@article{wei2016rt,
  title={RT-ROS: A real-time ROS architecture on multi-core processors},
  author={Wei, Hongxing and Shao, Zhenzhou and Huang, Zhen and Chen, Renhai and Guan, Yong and Tan, Jindong and Shao, Zili},
  journal={Future Generation Computer Systems},
  volume={56},
  pages={171--178},
  year={2016},
  publisher={Elsevier}
}

@book{thomas2006beginning,
  title={Beginning {Ubuntu Linux}: From novice to professional},
  author={Thomas, Keir},
  year={2006},
  publisher={Apress}
}
8
@book{dadhich2018practical,
  title={Practical Computer Vision: Extract Insightful Information from Images Using TensorFlow, Keras, and OpenCV},
  author={Dadhich, Abhinav},
  year={2018},
  publisher={Packt Publishing Ltd}
}

@article{redmon2018yolov3,
  title={Yolov3: An incremental improvement},
  author={Redmon, Joseph and Farhadi, Ali},
  journal={arXiv preprint arXiv:1804.02767},
  year={2018}
}

@article{zhao2015loss,
  title={Loss functions for neural networks for image processing},
  author={Zhao, Hang and Gallo, Orazio and Frosio, Iuri and Kautz, Jan},
  journal={arXiv preprint arXiv:1511.08861},
  year={2015}
}

@inproceedings{choi2018deep,
  title={Deep feature compression for collaborative object detection},
  author={Choi, Hyomin and Baji{\'c}, Ivan V},
  booktitle={2018 25th IEEE International Conference on Image Processing (ICIP)},
  pages={3743--3747},
  year={2018},
  organization={IEEE}
}

@article{jiang2022review,
  title={A Review of Yolo algorithm developments},
  author={Jiang, Peiyuan and Ergu, Daji and Liu, Fangyao and Cai, Ying and Ma, Bo},
  journal={Procedia Computer Science},
  volume={199},
  pages={1066--1073},
  year={2022},
  publisher={Elsevier}
}

@article{ahmad2020object,
  title={Object detection through modified YOLO neural network},
  author={Ahmad, Tanvir and Ma, Yinglong and Yahya, Muhammad and Ahmad, Belal and Nazir, Shah and Haq, Amin ul},
  journal={Scientific Programming},
  volume={2020},
  pages={1--10},
  year={2020},
  publisher={Hindawi Limited}
}

@inproceedings{lin2014microsoft,
  title={Microsoft coco: Common objects in context},
  author={Lin, Tsung-Yi and Maire, Michael and Belongie, Serge and Hays, James and Perona, Pietro and Ramanan, Deva and Doll{\'a}r, Piotr and Zitnick, C Lawrence},
  booktitle={Computer Vision--ECCV 2014: 13th European Conference, Zurich, Switzerland, September 6-12, 2014, Proceedings, Part V 13},
  pages={740--755},
  year={2014},
  organization={Springer}
}


@book{zafar2018hands,
  title={Hands-on convolutional neural networks with TensorFlow: Solve computer vision problems with modeling in TensorFlow and Python},
  author={Zafar, Iffat and Tzanidou, Giounona and Burton, Richard and Patel, Nimesh and Araujo, Leonardo},
  year={2018},
  publisher={Packt Publishing Ltd}
}

@inproceedings{li2020vision,
  title={Vision-based obstacle avoidance algorithm for mobile robot},
  author={Li, Yong and Liu, Yuzhe},
  booktitle={2020 Chinese Automation Congress (CAC)},
  pages={1273--1278},
  year={2020},
  organization={IEEE}
}

@inproceedings{Labbot1,
  title={Implementacja systemu operacyjnego ROS na robocie mobilnym wyposażonym w komputer pokładowy ARM},
  author={P. Burchard, M. Wencka},
  year={Poznań, 2015},
  organization={PUT}
}

@misc{Yolov3,
  title = {Yolov3: Real-time object detection algorithm},howpublished ={\url{https://miro.medium.com/max/872/1*wnr2e-W3WvYk_G51Y4oMCQ.png}},
}